<?xml version="1.0" encoding="UTF-8"?>
<record xmlns="http://www.loc.gov/MARC21/slim">
  <leader>02406ntm a22003617a 4500</leader>
  <controlfield tag="001">3748408</controlfield>
  <controlfield tag="005">20111120005900.0</controlfield>
  <controlfield tag="008">090115s1865    xx            000 i eng d</controlfield>
  <datafield tag="033" ind1="0" ind2="0">
    <subfield code="a">18651127</subfield>
  </datafield>
  <datafield tag="035" ind1=" " ind2=" ">
    <subfield code="a">3748408</subfield>
  </datafield>
  <datafield tag="040" ind1=" " ind2=" ">
    <subfield code="a">BRL</subfield>
  </datafield>
  <datafield tag="099" ind1=" " ind2=" ">
    <subfield code="a">Ms.A.1.1 v.6, p.148</subfield>
  </datafield>
  <datafield tag="100" ind1="1" ind2=" ">
    <subfield code="a">Garrison, William Lloyd,</subfield>
    <subfield code="d">1805-1879.</subfield>
  </datafield>
  <datafield tag="245" ind1="1" ind2="0">
    <subfield code="a">[Letter to] Dear Wife</subfield>
    <subfield code="h">[manuscript].</subfield>
  </datafield>
  <datafield tag="260" ind1=" " ind2=" ">
    <subfield code="a">Lafayette, (Ind.),</subfield>
    <subfield code="c">Nov. 27, 1865.</subfield>
  </datafield>
  <datafield tag="300" ind1=" " ind2=" ">
    <subfield code="a">1 leaf (4 p.) ;</subfield>
    <subfield code="c">8 x 6 3/8 in.</subfield>
  </datafield>
  <datafield tag="500" ind1=" " ind2=" ">
    <subfield code="a">Holograph, signed with initials.</subfield>
  </datafield>
  <datafield tag="500" ind1=" " ind2=" ">
    <subfield code="a">In Layfayette, Indiana, William Lloyd Garrison is being entertained by Cyrus Ball and Joseph White. Garrison gives his lecture schedule. He was unable to attend a meeting of the American Freedmen&apos;s Aid Commission in Washington. He tells about his address in the Representatives&apos; Chamber in Springfield. Garrison enjoyed visiting William Henry Herndon. He had tea with Rev. Hale, a Presbyterian minister. Garrison describes visiting President Lincoln&apos;s grave: &quot;It is a most charming place, and quite equal, if not superior, in its natural features, to Mount Auburn. There are but few monuments as yet. There was quite a throng of visitors, and many carriages, and a good many colored persons. ...The [groundskeeper&apos;s] good wife voluntarily went with us to Mr. Lincoln&apos;s tomb, unlocked the door, and let us see the coffin, draped and festooned. Until within a week, the tomb has been constantly guarded by soldiers. The coffin is to be removed to a new tomb very shortly, above ground, instead of inside of a bank.&quot; Garrison was glad to hear that Henry Villard was able to visit Rockledge.</subfield>
  </datafield>
  <datafield tag="510" ind1="4" ind2=" ">
    <subfield code="a">Merrill, Walter M. Letters of William Lloyd Garrison,</subfield>
    <subfield code="c">v.5, no.144.</subfield>
  </datafield>
  <datafield tag="600" ind1="1" ind2="0">
    <subfield code="a">Garrison, William Lloyd,</subfield>
    <subfield code="d">1805-1879</subfield>
    <subfield code="v">Correspondence.</subfield>
  </datafield>
  <datafield tag="600" ind1="1" ind2="0">
    <subfield code="a">Garrison, Helen Eliza,</subfield>
    <subfield code="d">1811-1876</subfield>
    <subfield code="v">Correspondence.</subfield>
  </datafield>
  <datafield tag="600" ind1="1" ind2="0">
    <subfield code="a">Ball, Cyrus,</subfield>
    <subfield code="d">1804-1893.</subfield>
  </datafield>
  <datafield tag="600" ind1="1" ind2="0">
    <subfield code="a">Herndon, William Henry,</subfield>
    <subfield code="d">1818-1891.</subfield>
  </datafield>
  <datafield tag="600" ind1="1" ind2="0">
    <subfield code="a">Lincoln, Abraham,</subfield>
    <subfield code="d">1809-1865.</subfield>
  </datafield>
  <datafield tag="600" ind1="1" ind2="0">
    <subfield code="a">Villard, Henry,</subfield>
    <subfield code="d">1835-1900.</subfield>
  </datafield>
  <datafield tag="610" ind1="2" ind2="0">
    <subfield code="a">American Freedmen&apos;s Aid Commission.</subfield>
  </datafield>
  <datafield tag="650" ind1=" " ind2="0">
    <subfield code="a">Antislavery movements</subfield>
    <subfield code="z">United States</subfield>
    <subfield code="x">History</subfield>
    <subfield code="y">19th century.</subfield>
  </datafield>
  <datafield tag="650" ind1=" " ind2="0">
    <subfield code="a">Abolitionists</subfield>
    <subfield code="z">United States</subfield>
    <subfield code="y">19th century</subfield>
    <subfield code="v">Correspondence.</subfield>
  </datafield>
  <datafield tag="655" ind1=" " ind2="0">
    <subfield code="a">Letters.</subfield>
  </datafield>
  <datafield tag="655" ind1=" " ind2="0">
    <subfield code="a">Manuscripts.</subfield>
  </datafield>
  <datafield tag="700" ind1="1" ind2=" ">
    <subfield code="a">Garrison, Helen Eliza,</subfield>
    <subfield code="d">1811-1876,</subfield>
    <subfield code="e">recipient.</subfield>
  </datafield>
  <datafield tag="830" ind1=" " ind2="0">
    <subfield code="a">William Lloyd Garrison Correspondence (1823-1879)</subfield>
  </datafield>
  <datafield tag="999" ind1=" " ind2=" ">
    <subfield code="a">shots: 4</subfield>
  </datafield>
</record>
